%! Author = Richard Kropáček
%! Date = 25.03.2021

@manual{CSharp,
     title          = {Prohlídka jazyka C\#},
     author         = {Bill WAGNER and OLPROD},
     url            = {https://docs.microsoft.com/cs-cz/dotnet/csharp/tour-of-csharp/},
     organization   = {Microsoft Corporation},
     year           = {2021},
     note           = {[Online; cit. 2021-3-25]},
}

@manual{ASP.NET,
     title          = {What is ASP.NET?},
     url            = {https://dotnet.microsoft.com/learn/aspnet/what-is-aspnet},
     organization   = {Microsoft Corporation},
     year           = {2021},
     note           = {[Online; cit. 2021-4-4]},
}

@manual{ASP.NET_Core,
     title          = {What is ASP.NET Core?},
     url            = {https://dotnet.microsoft.com/learn/aspnet/what-is-aspnet-core},
     organization   = {Microsoft Corporation},
     year           = {2021},
     note           = {[Online; cit. 2021-4-4]},
}

@manual{ASP.NET_Lekce1,
     title          = {Lekce 1 - Úvod do ASP.NET},
     url            = {https://www.itnetwork.cz/csharp/asp-net-core/zaklady/tutorial-uvod-do-asp-dot-net},
     author         = {David ČÁPKA},
     year           = {2012},
     note           = {[cit. 2021-4-4]},
}

@manual{ASP.NET_Lekce8,
     title          = {Lekce 8 - Scaffolding a Entity Framework v ASP.NET MVC},
     url            = {https://www.itnetwork.cz/csharp/asp-net-mvc/zaklady/asp-dot-net-mvc-tutorial-scaffolding-entity-framework-editor-clanku},
     author         = {David ČÁPKA},
     year           = {2014},
     note           = {[cit. 2021-4-5]},
}

@misc{ASPNETCORE_ASPNET,
    key = {ASPNETCORE_ASPNET},
    organization  = {Thien NGUYEN},
    title         = {ASP.NET vs ASP.NET Core},
    year          = {2017},
    url           = {https://thienn.com/images/aspnetcore.png},
    note          = {[cit. 2021-4-4]}
}

@manual{EF6_EFCore,
     title          = {Porovnání EF Core a EF6},
     url            = {https://docs.microsoft.com/cs-cz/ef/efcore-and-ef6/},
     author         = {Arthur VICKERS and OLPROD},
     organization   = {Microsoft Corporation},
     year           = {2019},
     note           = {[Online; cit. 2021-4-5]},
}

@manual{MVC,
     title          = {ASP.NET MVC Pattern},
     url            = {https://dotnet.microsoft.com/apps/aspnet/mvc},
     organization   = {Microsoft Corporation},
     year           = {2021},
     note           = {[Online; cit. 2021-4-5]},
}

@misc{MVC_Wiki_EN,
  key = {MVC_Wiki_EN},
  title             = {Model–view–controller},
  year              = {2021},
  organization      = {In: Wikipedia: the free encyclopedia [online]. San Francisco (CA): Wikimedia Foundation},
  url               = {https://en.wikipedia.org/wiki/Model%E2%80%93view%E2%80%93controller},
  note              = {[cit. 2021-04-05]},
}

@misc{MVC_Wiki_CZ,
  key = {MVC_Wiki_CZ},
  title             = {Model–view–controller},
  year              = {2021},
  organization      = {In: Wikipedia: the free encyclopedia [online]. San Francisco (CA): Wikimedia Foundation},
  url               = {https://cs.wikipedia.org/wiki/Model-view-controller},
  note              = {[cit. 2021-04-05]},
}

@misc{MySQL_Wiki_CZ,
  key               = {MySQL_Wiki_CZ},
  title             = {MySQL},
  year              = {2021},
  organization      = {In: Wikipedia: the free encyclopedia [online]. San Francisco (CA): Wikimedia Foundation},
  url               = {https://cs.wikipedia.org/wiki/MySQL},
  note              = {[cit. 2021-04-06]},
}